
@article{greenwade93,
    author  = "George D. Greenwade",
    title   = "The {C}omprehensive {T}ex {A}rchive {N}etwork ({CTAN})",
    year    = "1993",
    journal = "TUGBoat",
    volume  = "14",
    number  = "3",
    pages   = "342--351"
}

@article{IEEE_RCE,
    author  = "R. Herbst",
    title   = "Design of the SLAC RCE Platform: A general purpose ATCA based data acquisition system",
    year    = "2014",
    journal = "IEEE Xplore, 978-1-4799-6097-2",
    ISBN    = "978-1-4799-6097-2",
}


@misc{oxford_talk,
	title  = {Supernova Triggering, Efficiencies and Fake Rates},
	howpublished = "\url   {https://indico.fnal.gov/event/15969/contribution/24/material/slides/?subContId=1}",
	year   = {2018 }
}

@manual{Datasheet,
	title  = {Samsung SDD 970 PRO Datasheet},
	url    = {https://www.samsung.com/semiconductor/global.semi.static/Samsung_NVMe_SSD_970_PRO_Data_Sheet_Rev.1.0.pdf},
	year   = {2018 (accessed January 30, 2018)}
}